% Title: Dissertation bibliography file

% Candidate incentives
@book{fenno_1973,
	author = {Fenno, Richard F.},
	date-added = {2021-09-20 08:22:17 -0600},
	date-modified = {2021-09-20 08:22:22 -0600},
	mendeley-groups = {Seniority System in Congress},
	publisher = {Little Brown},
	title = {{Congressmen in Committees}},
	year = {1973}}
@book{mayhew_1974,
	address = {New Haven, CT},
	author = {Mayhew, David R.},
	edition = {Second Edi},
	mendeley-groups = {Congress/Legislative Behavior/Parties and Interest Groups},
	publisher = {Yale University Press},
	title = {{Congress: The Electoral Connection}},
	year = {1974}}

% Party branding
    %% Issue ownership
@article{clifford_2020,
	author = {Clifford, Scott},
	doi = {10.1007/s11109-020-09634-1},
	journal = {Political Behavior},
	title = {How Moral Motives Link Party Stereotypes},
	year = {2020}}
    %% Moral superiority
@book{lee_2009,
	author = {Lee, Frances E.},
	publisher = {The University of Chicago Press},
	title = {{Beyond Ideology: Politics, Principles, and Partisanship in the U.S. Senate}},
    address = {Chicago, IL},
	year = {2009}}

@book{lee_2016,
	address = {Chicago, IL},
	author = {Lee, Frances E.},
	publisher = {University of Chicago Press},
	title = {{Insecure Majorities: Congress and the Perpetual Campaign}},
	year = {2016}}
	%% Color
@article{elving_2014_npr,
	author = {Elving, Ron},
	year = {2014},
	title = {The Color of Politics: How did red and blue states come to be?},
	publisher = {National Public Radio}}
@article{schloss_palmer_2014_pbr,
  title={The politics of color: Preferences for Republican red versus Democratic blue},
  author={Schloss, Karen B and Palmer, Stephen E},
  journal={Psychonomic bulletin \& review},
  volume={21},
  number={6},
  pages={1481--1488},
  year={2014},
  publisher={Springer}
}
@article{casiraghi_et-al_2022_pp,
	author = {Casiraghi, Matteo C.M. and Curini, Luigi and Csumano, Eugenio},
	year = {2022},
	title = {The colors of ideology: Chromatic isomorphism and political party logos},
	journal = {Party Politics},
	doi = {10.1177/13540688221080539}}
@article{maestre_medero_2022_pr,
	author = {Maestre, Roberto Losada and Medero, Rubén Sánches},
	year = {2022},
	title = {Color War. Does Color Influence the Perception of Political Messages?},
	journal = {Psychological Reports},
	doi = {10.1177/00332941221114418}}
	%% Stereotypes
@book{hetherington_weiler_2018_hmh,
  title={Prius or pickup?: How the answers to four simple questions explain America's great divide},
  author={Hetherington, Marc and Weiler, Jonathan},
  year={2018},
  publisher={Houghton Mifflin},
  address = {New York}}
@article{gebru_et-al_2017_pnas,
    author = {Gebru, Timnit and Krause, Jonathan and Wang, Yilun and Chen, Duyun and Deng, Jia and Aiden, Erez Lieberman and Fei-Fei, Li},
    year = {2017},
    title = {Using deep learning and Google Street View to estimate the demographic makeup of neighborhoods across the United States},
    journal = {Proceedings of the National Academy of Sciences},
    volume = {114},
    number = {50},
    pages = {13108--13113},
    doi = {10.1073/pnas.1700035114}}
	%% Cognitive shortcuts
@article{petersen_et-al_2013_pb,
	author = {Petersen, Michael Bang and Skov, Martin and Serritzlew, Søren and Ramsøy, Thomas},
	year = {2013},
	title = {Motivated Reasoning andd Political Parties: Evidence for Increased Processing in the Face of Party Cues},
	journal = {Political Behavior},
	volume = {35},
	pages = {831-854}}
@inbook{campbell_et-al_1960,
	address = {Chicago},
	author = {Campbell, Angus and Converse, Phillip E. and Miller, Warren E. and Stokes, Donald E.},
	publisher = {John Wiley and Sons, Inc.},
	title = {The American Voter},
	year = {1960}}
% Yard signs
@book{makse_et-al_2019_oup,
	author = {Makse, Todd and Minkoff, Scott L. and Sokhey, Anand E.},
	year = {2019},
	title = {Politics on Display: yard signs and the politicization of social spaces},
	publisher = {Oxford University Press},
	address = {New York}}
% Memory-based model
@book{zaller_1992,
	address = {New York},
	author = {Zaller, John R},
	publisher = {Cambridge University Press},
	title = {{The Nature and Origins of Mass Opinion}},
	year = {1992}}
% Online model
@book{lodge_taber_2013_cup,
	author = {Lodge, Milton and Taber, Charles S.},
	publisher = {Cambridge University Press},
	address = {New York},
	title = {{The Rationalizing Voter}},
	year = {2013}}
% Polarization
@article{layman_carsey_2002_ajps,
	author = {Geoffrey C. Layman and Thomas M. Carsey},
	journal = {American Journal of Political Science},
	number = {4},
	pages = {786-802},
	title = {Party Polarization and "Conflict Extension" in the American Electorate},
	volume = {46},
	year = {2002}}
@article{iyengar_et-al_2012,
	author = {Iyengar, Shanto and Sood, Gaurav and Lelkes, Yphtach},
	doi = {10.1093/poq/nfs038},
	journal = {Public Opinion Quarterly},
	number = {3},
	pages = {405--431},
	title = {{Affect, not ideology: A social identity perspective on polarization}},
	volume = {76},
	year = {2012}}
@article{iyengar_westwood_2015_ajps,
	author = {Iyengar, Shanto and Westwood, Sean J.},
	doi = {10.1111/ajps.12152},
	journal = {American Journal of Political Science},
	number = {3},
	pages = {690--707},
	title = {{Fear and Loathing across Party Lines: New Evidence on Group Polarization}},
	volume = {59},
	year = {2015},
	doi = {10.1111/ajps.12152}}
@book{mason_2018_cup,
	address = {Chicago, IL},
	author = {Mason, Lilliana},
	publisher = {University of Chicago Press},
	title = {{Uncivil Agreeement}},
	year = {2018}}
@article{iyengar_et-al_2019,
	author = {Iyengar, Shanto and Lelkes, Yphtach and Levendusky, Matthew and Malhotra, Neil and Westwood, Sean J.},
	doi = {10.1146/annurev-polisci-051117-073034},
	journal = {Annual Review of Political Science},
	pages = {129--146},
	title = {{The origins and consequences of affective polarization in the United States}},
	volume = {22},
	year = {2019}}
@article{pickup_et-al_2020_pb,
	author = {Mark Pickup and Erik O. Kimbrough and Eline A. de Rooij},
	date-modified = {2021-12-09 08:29:32 -0700},
	journal = {Political Behavior},
	title = {Expressive Politics as (Costly) Norm Following},
	year = {2020},
	doi = {10.1007/s11109-020-09667-6}}
@article{utych_2020_es,
  title={A voter-centric explanation of the success of ideological candidates for the US house},
  author={Utych, Stephen M},
  journal={Electoral Studies},
  volume={65},
  pages={102137},
  year={2020},
  publisher={Elsevier}}
@article{allamong_peterson_2021_pp,
	author = {Allamong, Maxwell B. and Peterson, David A.M.},
	year = {2021},
	title = {Screw Those Guys: Polarization, Empathy, and Attitudes About Out-Partisans},
	journal = {Political Psychology},
	volume = {42},
	number = {3},
	doi = {10.1111/pops.12701}}
@article{westwood_peterson_2022_pb,
	author = {Westwood, Sean J. and Peterson, Erik},
	year = {2022},
	title = {The Inseparability of Race and Partisanship in the United States},
	journal = {Political Behavior},
	volume = {44},
	pages = {1125--1147},
	doi = {10.1007/s11109-020-09648-9}}
	%% Attitudinal
@article{abramowitz_saunders_2006_prq,
	author = {Abramowitz, Alan I. and Saunders, Kyle L.},
	doi = {10.1177/106591290605900201},
	journal = {Political Research Quarterly},
	number = {2},
	pages = {175--187},
	title = {{Exploring the bases of Partisanship in the American electorate: Social identity vs. ideology}},
	volume = {59},
	year = {2006}}
	@article{muste_2014,
	author = {Muste, Christopher P.},
	doi = {10.1017/S1049096514000353},
	journal = {PS - Political Science and Politics},
	number = {2},
	pages = {432--442},
	title = {{Reframing polarization: Social groups and culture wars}},
	volume = {47},
	year = {2014}}
@article{lupton_et-al_2020,
	author = {Lupton, Robert N. and Smallpage, Steven M. and Enders, Adam M.},
	doi = {10.1017/S0007123417000370},
	journal = {British Journal of Political Science},
	keywords = {Core values,ideology,partisanship,polarization},
	number = {1},
	pages = {241--260},
	title = {{Values and Political Predispositions in the Age of Polarization: Examining the Relationship between Partisanship and Ideology in the United States, 1988-2012}},
	volume = {50},
	year = {2020}}
	%% Persuasion
@incollection{albertson_et-al_2020,
	address = {New York},
	author = {Albertson, Bethany and Dun, Lindsay and Kushner Gadarian, Shana},
	booktitle = {The Oxford Handbook of Electoral Persuasion},
	date-added = {2021-12-08 14:07:24 -0700},
	date-modified = {2021-12-08 14:07:24 -0700},
	editor = {Suhay, Elizabeth and Grofman, Bernard and Trechsel, Alexander H.},
	publisher = {Oxford University Press},
	title = {The Emotional Aspects of Political Persuasion},
	year = {2020}}
@article{bayes_et-al_2020_pp,
	author = {Bayes, Robin and Druckman, James N. and Goods, Avery and Molden, Daniel C.},
	year = {2020},
	title = {When and How Different Motives Can Drive Motivated Political Reasoning},
	journal = {Political Psychology},
	volume = {41},
	number = {5},
	doi = {10.1111/pops.12663}}
@article{redlawsk_et-al_2010,
	author = {Redlawsk, David P. and Civettini, Andrew J. W. and Emmerson, Karen M.},
	journal = {Political Psychology},
	number = {4},
	pages = {563-593},
	title = {The Affective Tipping Point: Do Motivated Reasoners Ever ``Get It?"},
	volume = {31},
	year = {2010}}
@article{blumenau_lauderdale_2022_ajps,
    author = {Blumenau, Jack and Lauderdale, Benjamin E.},
    year = {2022},
    title = {The Variable Persuasiveness of Political Rhetoric},
    journal = {American Journal of Political Science},
    doi = {10.1111/ajps.12703}}
	%% affect
@article{webster_albertson_2022_arps,
	author = {Webster, Steven W. and Albertson, Bethany},
	year = {2022},
	title = {Emotion and Politics: Noncognitive Psychological Biases in Public Opinion},
	journal = {Annual Reviews of Political Science},
	volume = {25},
	pages = {401-418}}
% Color
	%% Affect
@article{cimbalo_et-al_1978_jgp,
  title={Emotionally toned pictures and color selection for children and college students},
  author={Cimbalo, Richard S and Beck, Karen L and Sendziak, Donna S},
  journal={The Journal of Genetic Psychology},
  volume={133},
  number={2},
  pages={303--304},
  year={1978},
  publisher={Taylor \& Francis}
}
@article{elliot_maier_2012_aesp,
  author = {Elliot, Andrew J. and Maier, Markus A.},
  year = {2012},
  title = {Color-in-Context Theory},
  journal = {Advances in Experimental Social Psychology},
  doi = {10.1016/B978-0-12-394286-9-00002-0}}
@article{mehta_zhu_2009_s,
  author = {Mehta, Ravi and Zhu, Rui (Juliet)},
  year = {2009},
  title = {Blue or Red? Exploring the Effect of Color on Cognitive Task Performances},
  journal = {Science},
  volume = {323},
  pages = {1226--1229}}
@article{dandrade_egan_1974_ae,
  author = {D'Andrade, Roy and Egan, Michael},
  year = {1974},
  title = {The Colors of Emotion},
  journal = {American Ethnologist},
  volume = {1},
  pages = {49--63}}
@article{valdez_mehrabian_1994,
  author = {Valdez, Patricia and Mehrabian, Albert},
  year = {1994},
  title = {Effects of Color on Emotions},
  journal = {Journal of experimental psychology},
  volume = {123}}
@article{epps_kaya_2004,
  author = {Epps, Helen H. and Kaya, Naz},
  year = {2004},
  title = {Color Matching from Memory}}
	%% Memory
@incollection{kensinger_fields_2022_ohhum,
    author = {Kensinger, Elizabeth A. and Fields, Eric},
    year = {2022},
    title = {Affective Memory},
    booktitle = {Oxford Handbook of Human Memory},
    publisher = {Oxford University Press},
    editor = {Roediger III, Henry L. and Uner, Okyu},
    address = {New York},
    url = {https://memory.psych.upenn.edu/Oxford\_Handbook\_of\_Human\_Memory}}
% Conceptualizing the affective state
@incollection{sander_2013_chhan,
  author = {Sander, David},
  year = {2013},
  chapter = {Models of Emotion: The Affective Neuroscience Approach},
  title = {The Cambridge Handbook of Human Affective Neuroscience},
  editor = {Armony, Jorge and Vuilleumier, Patrik},
  publisher = {Cambridge University Press},
  address = {New York}}
@book{ralph_anderson_2018,
    author = {Ralph, Adolphs and Anderson, David J.},
    year = {2018},
    title = {The Neuroscience of Emotion},
    publisher = {Princeton University Press},
    address = {Princeton, NJ}}
% Participation
	%% Emotions
@article{valentino_et-al_2011_jop,
	author = {Valentino, Nicholas A. and Brader, Ted and Groenendyk, Eric W. and Gregorowicz, Krysha and Hutchings, Vincent L.},
	year = {2011},
	title = {Election Night's Alright for Fighting: The Role of Emotions in Political Participation},
	journal = {The Journal of Politics},
	volume = {73},
	number = {1},
	pages = {156-170}}
	%% Avoidance
@book{mutz_2006,
	address = {New York},
	author = {Mutz, Diana C.},
	publisher = {Cambridge University Press},
	title = {{Hearing the Other Side: Deliberative versus Participatory Democracy}},
	year = {2006}}
@book{klar_krupnikov_2016,
	address = {New York},
	author = {Klar, Samara and Krupnikov, Yanna},
	date-added = {2021-09-02 11:22:05 -0600},
	date-modified = {2021-09-02 11:22:14 -0600},
	mendeley-groups = {Political Attitudes and Behavior Seminar/Partisanship},
	publisher = {Cambridge University Press},
	title = {{Independent Politics: How American Disdain for Parties Leads to Political Inaction}},
	year = {2016}}
@book{carlson_settle_2022_cup,
	author = {Carlson, Taylor N. and Settle, Jaime E.},
	year = {2022},
	title = {What Goes Without Saying: Navigating Political Discussion in America},
	publisher = {Cambridge University Press},
	address = {New York}}
% Deliberation
	%% Effects of depolarization
@article{santoro_broockman_2022_sa,
	author = {Santoro, Erik and Broockman, David E.},
	year = {2022},
	title = {The promise and pitfalls of cross-partisan conversations for reducing affective polarization: Evidence from randomized experiments},
	journal = {Science Advances},
	volume = {8}}
@book{levendusky_stecula_2021,
	author = {Matthew S. Levendusky and Dominik A. Stecula},
	year = {2021},
	title = {We Need to Talk: How Cross-Party Dialogue Reduces Affective Polarization},
	publisher = {Cambridge University Press},
	address = {New York}}
% Campaign effects
@article{broockman_kalla_2022_ajps,
	author = {Broockman, David E. and Kalla, Joshua L.},
	year = {2022},
	title = {When and Why are Campaigns' Persuasive Effects Small? Evidence from the 2020 U.S. Presidential Election?},
	journal = {American Journal of Political Science},
	doi = {10.1111/ajps.12724}}
% Insincere responses
@article{kennedy_et-al_2021_poq,
    author = {Kennedy, Courtney and Hatley, Nicholas and Lau, Arnold and Mercer, Andrew and Keeter, Scott and Ferno, Joshua and Asare-Marfo, Dorene},
    year = {2021},
    title = {Strategies for Detecting Insincere Respondents in Online Polling},
    journal = {Public Opinion Quarterly},
    volume = {85},
    number = {4},
    pages = {1050--1075},
    doi = {10.1094/poq/nfab057}}
% Long term memory
@incollection{kahana_et-al_2022_ohhum,
    author = {Kahana, Michael J. and Diamond, Nicholas B. and Aka, Ada},
    year = {2022},
    title = {Laws of Human Memory},
    booktitle = {Oxford Handbook of Human Memory},
    publisher = {Oxford University Press},
    editor = {Roediger III, Henry L. and Uner, Okyu},
    address = {New York},
    url = {https://memory.psych.upenn.edu/Oxford\_Handbook\_of\_Human\_Memory}}

% Convenience samples
@inbook{krupnikov_et-al_2021_cup, 
	place={Cambridge},
	title={Convenience Samples in Political Science Experiments}, 
	doi={10.1017/9781108777919.012}, 
	booktitle={Advances in Experimental Political Science}, 
	publisher={Cambridge University Press}, 
	author={Krupnikov, Yanna and Nam, H. Hannah and Style, Hillary}, 
	editor={Druckman, James N. and Green, Donald P.Editors}, 
	year={2021}, 
	pages={165–183}}
% Theories of emotions
@article{petersen_2010_jop,
	author = {Michael Bang Petersen},
	doi = {10.1017/s002238160999079x},
	journal = {The Journal of Politics},
	month = {apr},
	number = {2},
	pages = {357–365},
	publisher = {University of Chicago Press},
	title = {Distinct Emotions, Distinct Domains: Anger, Anxiety and Perceptions of Intentionality},
	volume = {72},
	year = 2010}

@article{marcus_2000_arps,
	author = {Marcus, George E.},
	year = {2000},
	title = {Emotions in Politics},
	journal = {Annual Review of Political Science},
	volume = {3},
	pages = {221-250}}

% Bayesian models
@book{gelman_et-al_2021_cup,
	address = {New York},
	author = {Gelman, Andrew and Hill, Jennifer and Vehtari, Aki},
	publisher = {Cambridge University Press},
	title = {Regression and Other Stories},
	year = {2021}}